@online{FBI,
	title = {The Morris Worm - 1988},
	url = {https://www.fbi.gov/news/stories/morris-worm-30-years-since-first-major-attack-on-internet-110218}
}

@online{Apple,
	title = {Apple Silicon},
	url = {https://developer.apple.com/documentation/apple-silicon}
}

@online{Intel,
	title = {Intel 8086},
	url = {https://it.wikipedia.org/wiki/Intel_8086}
}

@online{Radware,
	title = {Morris Worm},
	url = {https://www.radware.com/security/ddos-knowledge-center/ddospedia/morris-worm/}
}

@online{Cynet,
	title = {Privilege Escalation},
	url = {https://www.cynet.com/network-attacks/privilege-escalation/ }
}

@online{Medium,
	title = {Buffer Overflow on the Stack},
	url = {https://ahoner.medium.com/what-is-buffer-overflow-tryhackme-buffer-overflow-prep-walkthrough-9e2629a6b5b9}
}

@online{Geeksforgeeks,
	title = {Endianness},
	url = {https://www.geeksforgeeks.org/little-and-big-endian-mystery/
}
}

@online{CTF101,
	title = {CTF101 - Buffer Overflow},
	url = {https://ctf101.org/binary-exploitation/buffer-overflow/}
}

@online{HeapMemory,
	title = {OpenDSA},
	url = {https://opendsa-server.cs.vt.edu/ODSA/Books/CS2/html/HeapMem.html}
}

@online{MitreHeap,
	title = {Heap Overflow - Mitre},
	url = {https://cwe.mitre.org/data/definitions/122.html}
}

@online{OwaspFree,
	title = {Double Free},
	url = {https://owasp.org/www-community/vulnerabilities/Doubly_freeing_memory}
}

@online{TrendMicroWhatsapp,
	title = {Whatsapp CVE-2019-11932},
	url = {https://www.trendmicro.com/es_es/research/19/k/patched-gif-processing-vulnerability-cve-2019-11932-still-afflicts-multiple-mobile-apps.html}
}

@online{SCMagazine,
	title = {Azure IOT CVE-2024-27099},
	url = {https://www.scmagazine.com/news/azure-connected-iot-devices-at-risk-of-rce-due-to-critical-vulnerability}
}

@online{HackTricksDoubleFree,
	title = {HackTricks - Double Free},
	url = {https://book.hacktricks.xyz/v/it/binary-exploitation/libc-heap/double-free}
}

@online{OwaspFormatString,
	title = {OWASP - Format String},
	url = {https://owasp.org/www-community/attacks/Format_string_attack}
}

@online{Kaspersky,
	title = {Use After Free},
	url = {https://encyclopedia.kaspersky.com/glossary/use-after-free/}
}

@online{ChromiumCVE,
	title = {Chromium, CVE-2024-5157},
	url = {https://msrc.microsoft.com/update-guide/vulnerability/CVE-2024-5157}
}

@online{TeamFormationShellcoding,
	title = {Shellcoding},
	url = {https://www.teamformation.it/it/corsi-4-0/cyber-security/cap-08-shellcode-e-contromisure-difensive,20,14}
}

@online{ShellStormX8664,
	title = {x86_64 Shellcode},
	url = {https://shell-storm.org/shellcode/files/shellcode-806.html

}
}

@online{ShellStormRISCV,
	title = {RISC-V Shellcode},
	url = {https://shell-storm.org/shellcode/files/shellcode-908.html}
}

@online{appsec,
	title = {NX Bit},
	url = {https://security.stackexchange.com/questions/47807/nx-bit-does-it-protect-the-stack}
}

@online{coalfire,
	title = {Egg hunters},
	url = {https://coalfire.com/the-coalfire-blog/the-basics-of-exploit-development-3-egg-hunters}
}

@online{man7,
	title = {mprotect(2)},
	url = {https://man7.org/linux/man-pages/man2/mprotect.2.html}
}

@online{MicrosoftDEP,
	title = {Microsoft - Data Execution Prevention},
	url = {https://support.microsoft.com/en-us/topic/what-is-data-execution-prevention-dep-60dabc2b-90db-45fc-9b18-512419135817}
}

@online{researchgateROP,
	title = {ROP Gadget Size Turing Completeness},
	url = {https://www.researchgate.net/publication/262321837_Microgadgets_size_does_matter_in_turing-complete_return-oriented_programming}
}

@online{GithubROP,
	title = {ROPGadget},
	url = {https://github.com/JonathanSalwan/ROPgadget}
}

@online{GithubRopper,
	title = {ropper},
	url = {https://github.com/sashs/Ropper
}
}

@online{QemuRISCV,
	title = {QEMU for RISC-V},
	url = {https://www.qemu.org/docs/master/system/target-riscv.html}
}

@online{man7sigret,
	title = {signreturn},
	url = {https://man7.org/linux/man-pages/man2/sigreturn.2.html}
}

@online{GCC,
	title = {GCC},
	url = {https://gcc.gnu.org/}
}

@online{CTF101got,
	title = {GOT - Global Offset  Table},
	url = {https://ctf101.org/binary-exploitation/what-is-the-got/}
}

@online{mcimone,
	title = {Monte Cimone - Cluster RISC-V},
	url = {https://www.hwupgrade.it/news/cpu/monte-cimone-risc-v-guarda-ai-supercomputer-con-un-cluster-tutto-italiano_103217.html}
}

@online{Techtarget,
	title = {Speculative Execution},
	url = {https://www.techtarget.com/whatis/definition/speculative-execution}
}

@online{AppleSec,
	title = {Apple - Sicurezza delle piattaforme},
	url = {https://help.apple.com/pdf/security/it_IT/apple-platform-security-guide-t.pdf}
}

@online{RISCV,
	title = {RISC-V Calling Convention},
	url = {https://riscv.org/wp-content/uploads/2015/01/riscv-calling.pdf}
}

@online{GDB,
	title = {GNU Debugger},
	url = {https://www.sourceware.org/gdb/}
}

@online{GEF,
	title = {GEF},
	url = {https://github.com/hugsy/gef}
}

@online{GPT3,
	title = {GPT3 - Openai},
	url = {https://openai.com/index/gpt-3-apps/}
}

@online{Gemma,
	title = {Gemma - Google},
	url = {https://ai.google.dev/gemma}
}

@online{Mistral,
	title = {Mistral AI},
	url = {https://mistral.ai/}
}

@online{RiscyROP,
	title = {RiscyROP: Automated Return-Oriented Programming Attacks on RISC-V and ARM64},
	url = {https://syssec.informatik.uni-due.de/fileadmin/fileupload/I-SYSSEC/research/RiscyROP.pdf}
}

@online{NGINX,
	title = {NGINX - Webserver},
	url = {http://nginx.org/en/}
}

@online{NGINXcve,
	title = {NGINX - CVE 2013-2028},
	url = {https://www.vnsecurity.net/research/2013/05/21/analysis-of-nginx-cve-2013-2028.html}
}

@online{arxivRISCVROP,
	title = {Return-Oriented Programming on RISC-V - Garrett Gu, Hovav Shacham},
	url = {https://arxiv.org/pdf/2007.14995}
}

@online{Arrvindh,
	title = {RISC-V Calling Convention},
	url = {https://www2.cs.sfu.ca/~ashriram/Courses/CS295/assets/notebooks/RISCV/RISCV_CALL.pdf}
}

@online{SyscallTable,
	title = {System Call Table},
	url = {https://gpages.juszkiewicz.com.pl/syscalls-table/syscalls.html}
}

@online{infosecwriteupsROP,
	title = {x86 ROP Example},
	url = {https://infosecwriteups.com/return-oriented-programming-on-risc-v-part-1-dd9817b52d2b}
}

@online{cbtnuggets,
	title = {SETUID bit},
	url = {https://www.cbtnuggets.com/blog/technology/system-admin/linux-file-permissions-understanding-setuid-setgid-and-the-sticky-bit}
}

@online{NOP,
	title = {NOP instruction},
	url = {https://c9x.me/x86/html/file_module_x86_id_217.htmlt}
}

@online{NOPArch,
	title = {NOP in different architectures},
	url = {https://en.wikipedia.org/wiki/NOP_(code)}
}

@online{ctftime,
	title = {RISC-V ROP CTF - by datajerk, burnerherz0g},
	url = {https://ctftime.org/writeup/33544}
}

@online{rohdeschwarz,
	title = {Connessione UART},
	url = {https://www.rohde-schwarz.com/it/prodotti/misura-e-collaudo/essentials-test-equipment/digital-oscilloscopes/comprensione-uart_254524.html}
}

@online{OpenSBI,
	title = {OpenSBI},
	url = {https://github.com/riscv-software-src/opensbi}
}

@online{spectremeltdown,
	title = {Spectre e Meltdown},
	url = {https://spectreattack.com/}
}

@online{c910c920,
	title = {C910-C920 Cheatsheet},
	url = {https://github.com/sophgo/sophgo-doc/blob/main/SG2042/T-Head/XuanTie-C910-C920-UserManual.pdf}
}

@online{indirectbranches,
	title = {Indirect Branches},
	url = {https://en.wikipedia.org/wiki/Indirect_branch}
}

@online{securityrisc,
	title = {Spectre - Security RISC},
	url = {https://github.com/cispa/Security-RISC/tree/main/spectre}
}

@online{hwupgrade,
	title = {Supporto a hot-swapping su RISC-V},
	url = {https://www.hwupgrade.it/news/cpu/risc-v-arriva-il-supporto-all-hot-swap-della-memoria-su-linux-inizia-la-sfida-a-x86_128616.html}
}

@online{openhwgroup,
	title = {CVA6 - openhwgroup},
	url = {https://github.com/openhwgroup/cva6/tree/master?tab=readme-ov-file}
}

@article{ottaviano2023cheshire,
      title   = {Cheshire: A Lightweight, Linux-Capable RISC-V Host
                 Platform for Domain-Specific Accelerator Plug-In},
      author  = {Alessandro Ottaviano and Thomas Benz and
                 Paul Scheffler and Luca Benini},
      journal = {IEEE Transactions on Circuits and Systems II: Express Briefs},
      year    = {2023},
      volume  = {70},
      number  = {10},
      pages   = {3777-3781},
      doi     = {10.1109/TCSII.2023.3289186}
}
